@MISC{dam:02,
  AUTHOR = "DAMADICS",
  TITLE = "Website of the {R}esearch {T}raining {N}etwork on {D}evelopment and {A}pplication of {M}ethods for {A}ctuator {D}iagnosis in {I}ndustrial {C}ontrol {S}ystems,
          {\texttt{http://diag.mchtr.pw.edu.pl/damadics}}",
  YEAR = 2004 }

@BOOK{Haykin:99,
  AUTHOR = "Haykin, S.",
  TITLE = "Neural Networks. A Comprehensive Foundation, 2nd Edition",
  YEAR = 1999,
  PUBLISHER = "Prentice-Hall",
  ADDRESS = "Englewood Cliffs, NJ"  }

@INPROCEEDINGS{Maryak:2001,
  AUTHOR = "Maryak, J. L. and D. C. Chin",
  TITLE = "Global random optimization by Simultaneous Perturbation Stochastic Approximation",
  BOOKTITLE = "Proceedings of the American Control Conference, ACC 2001, Arlington VA, USA",
  YEAR = 2001,
  PAGES = "759--762" }

@TECHREPORT{Park:85,
  AUTHOR = "Parker, D. B.",
  TITLE = "Learning Logic",
  NUMBER= "TR-47",
  INSTITUTION= "Center for Computational Reasearch in Economics and Management Science,
                 Massachusetts Institute of Technology",
  YEAR = 1985,
  ADDRESS= "Cambridge, MA"   }

@INCOLLECTION{Patan:04,
  AUTHOR = "Patan, K. and J. Korbicz",
  TITLE = "Artificial neural networks in fault diagnosis",
  BOOKTITLE = {Fault Diagnosis. Models, Artificial Intelligence, Applications},
  EDITOR = "Korbicz, J. and J. M. Ko\'scielny and Z. Kowalczuk and W. Cholewa",
  PUBLISHER = "Springer-Verlag",
  ADDRESS = "Berlin",
  YEAR = 2004,
  PAGES = "330--380" }

@ARTICLE{Patan:08,
  AUTHOR = "Patan, K. and M. Witczak and J. Korbicz",
  TITLE = "Towards robustness in neural network based fault diagnosis",
  JOURNAL = "International Journal of Applied Mathematics and Computer Science",
  YEAR = 2008,
  VOLUME = 18,
  NUMBER = 4,
  PAGES = "443--454",
  NOTE = "DOI: 10.2478/v10006-008-0039-2" }

@ARTICLE{Reinelt:02,
  AUTHOR = "Reinelt, W. and A. Garulli and L. Ljung",
  TITLE = "Comparing different approaches to model error modeling in robust identification",
  PAGES= "787--803",
  JOURNAL= "Automatica",
  YEAR = 2002,
  VOLUME = 38,
  NUMBER = 5 }

@BOOK{Ucinski:99,
  AUTHOR = "Uci\'nski, D.",
  TITLE = "Measurement Optimization for Parameter Estimation in Distributed Systems",
  YEAR = 1999,
  PUBLISHER = "Technical University of Zielona G\'ora Press",
  ADDRESS = "Zielona G\'ora"  }

@BOOK{Ucinski:05a,
  AUTHOR = "Uci\'nski, D.",
  TITLE = "Optimal Measurement Methods for Distributed Parameter System Identification",
  YEAR = 2005,
  PUBLISHER = "CRC Press",
  ADDRESS = "Boca Raton, FL"  }

@INPROCEEDINGS{Ucinski:05b,
  AUTHOR = "Uci\'nski, D.",
  TITLE = "Sensor network design for parameter estimation of distributed systems using nonsmooth optimality criteria",
  BOOKTITLE = "Proceedings of the 44th IEEE Conference on Decision and Control and European Control Conference, CDC-ECC'05, Seville, Spain",
  YEAR = 2005,
  NOTE = "(CD-ROM)"  }

@PHDTHESIS{Werb:74,
  AUTHOR = "Werbos, P. J.",
  TITLE = "Beyond Regression: New Tools for Prediction and Analysis in the Behavioral Sciences",
  SCHOOL= "Harvard University",
  ADDRESS= "Cambridge, MA",
  YEAR = 1974  }

\bibitem{Ziegler:1942} J.G.~Ziegler, N.B.~Nichols, \emph{Optimum Settings for Automatic Controllers}, Transactions of the ASME, 64, pp. 759–768, 1942.

\bibitem{Cohen:1953} G.H.~Cohen, G.A.~Coon, \emph{Theoretical Consideration of Retarded Control}, Transactions of the ASME, 75, 827-834, 1953. 

\bibitem{Strejc:1959} V.~Strejc, \emph{Approximation Aperiodisscher Ubertragungscharakteristiken}, Regelungstechnik, 1959. 

\bibitem{Astrom:1995} K.J.~Astrom, T.~Hagglund, \emph{PID Controllers: Theory, Design, and Tuning (2nd ed.)}, Instrument Society of America: Research Triangle Park, NC, 1995. 

\bibitem{Schaedel:1997} H.M.~Schaedel, \emph{A New Method of Direct PID Controller Design Based on the Principle of Cascaded Damping Ratios}, Proceedings of the European Control Conference (Brussels, Belgium), pp. 1265-1271, 1997. 

\bibitem{Haber:1999} R.~Haber, L.~Keviczky,  \emph{Nonlinear System Identification : Input-output Modeling Approach}, Boston : Kluwer Academic Publishers, 1999.

\bibitem{Viteckova:2000a} M.~Viteckova, A.~Vitecek, L.~ Smutny, \emph{Controller Tuning for Controlled Plants with Time Delay}, Preprints of Proceedings of PID ’00: IFAC Workshop on Digital Control (Terrassa, Spain), pp. 283–288, 2000. 

\bibitem{Viteckova:2000b} M.~Viteckova, A.~Vitecek, L.~ Smutny, \emph{Simple PI and PID Controllers Tuning for Monotone Self-regulating Plants}, Preprints of Proceedings of PID ’00: IFAC Workshop on digital control (Terrassa, Spain), pp. 289–294, 2000.

\bibitem{Janiszowski:2002} K.~Janiszowski, \emph{Identification of Parametric Models in Examples}, (in polish) Warsaw, Poland: Exit, 2002.

\bibitem{Yang:2002}J.B.~Yang, J.F.~Whildborne, G.P.~Liu, \textit{Multiobjective Optimization and Control}.: Research Studies Press LTD, 2002. 

\bibitem{Alfaro:2005}V. M.~Alfaro Ruiz, \emph{Estimaci\'{o}n del Desempe{\~n}o IAE \'{O}ptimo de los Reguladores y Servomechanismos PID}, Ingenier\'{i}a, 15 (1), pp. 79-90, San Jos\'{e}, Costa Rica, 2005. 

\bibitem{Odwyer:2006}A.~O'Dwyer, \emph{PI and PID Controller Tuning Rules: an Overview and Personal Perspective}, Irish Signals and Systems Conference, pp. 161-166, 2006. 

\bibitem{Yu:2006}C.C.~Yu, \emph{Autotuning of PID Controllers:
	A Relay Feedback Approach}, Springer, London, 2006; 

\bibitem{Rapson:2007} M.~Rapson, \textit{Pareto Analysis of Controller Design Methodologies for Intergrator plus Dead Time Processes}, EUROCON, The International Conference on Computer as a Tool, pp. 2607-2612, 2007.

\bibitem{Odwyer:2009} A.~O'Dwyer, \emph{Handbook of PI and PID Controller Tuning Rules} London, Imperial College Press, 2009.

\bibitem{Bishop:2010} R.H.~Bishop, R.C.~Dorf, \emph{Modern Control Systems (12th ed)}, Prentice Hall, 2010. 

\bibitem{Holejko:2010} D.~Holejko, W.J.~Koscielny, \emph{Automation of continuous processes}, (in polish), OWPW, Warsaw, 2012. 

\bibitem{Trybus:2011}P.~Tatjewski, L.~Trybus, M.~Lawrynczuk , P.~Marusak, Z.~Swider, A.~Stec, \textit{Supervisory Control and Optimization, Modeling, Diagnostics and Process Control. Implementation in the DiaSter System}, Springer, London, 2011.

\bibitem{Mozaryn:2013}J.~Mozaryn, K.~Malinowski, \emph{Tuning Rules Selection and Iterative Modification of PID Control System Parameters}, Mechatronics 2013, pp. 677-684, Brno, Czech Republic, Springer Publishing Company, 2013.

\bibitem{Siemens:2013}\emph{TIA Portal V13 – User Guide}, Siemens, Germany, 2013.

\bibitem{Siemens:2014a}\emph{S7-1500 Automation System Manual} Siemens, Germany, 2014.

\bibitem{Siemens:2014b}\emph{Products for Totally Integrated Automation} Siemens, Germany, 2014.

\bibitem{Siemens:2015}\emph{Programming Guideline for S7-1200/S7-1500} Siemens, Germany, 2015.

\bibitem{Kolaj:2015} W.~Kolaj, \emph{Design and Implementation of Application Supporting the Tuning of PID Controller in Simatic S7 Devices}, Msc. Thesis (in polish), Warsaw University of Technology, Warsaw, Poland, 2015.
